@inproceedings{Zaharia:2012:RDD:2228298.2228301,
 author = {Zaharia, Matei and Chowdhury, Mosharaf and Das, Tathagata and Dave, Ankur and Ma, Justin and McCauley, Murphy and Franklin, Michael J. and Shenker, Scott and Stoica, Ion},
 title = {Resilient Distributed Datasets: A Fault-tolerant Abstraction for In-memory Cluster Computing},
 booktitle = {Proceedings of the 9th USENIX Conference on Networked Systems Design and Implementation},
 series = {NSDI'12},
 year = {2012},
 location = {San Jose, CA},
 pages = {2--2},
 numpages = {1},
 url = {http://dl.acm.org/citation.cfm?id=2228298.2228301},
 acmid = {2228301},
 publisher = {USENIX Association},
 address = {Berkeley, CA, USA},
} 

@article{MapReduce,
 author = "Ralf L{\"a}mmel",
 title = "{Google's MapReduce Programming Model -- Revisited}",
 journal = "Science of Computer Programming",
 year = 2008,
}

@article{Epstein:2011:THC:2096148.2034690,
 author = {Epstein, Jeff and Black, Andrew P. and Peyton-Jones, Simon},
 title = {Towards Haskell in the Cloud},
 journal = {SIGPLAN Not.},
 issue_date = {December 2011},
 volume = {46},
 number = {12},
 month = sep,
 year = {2011},
 issn = {0362-1340},
 pages = {118--129},
 numpages = {12},
 url = {http://doi.acm.org/10.1145/2096148.2034690},
 doi = {10.1145/2096148.2034690},
 acmid = {2034690},
 publisher = {ACM},
 address = {New York, NY, USA},
 keywords = {erlang, haskell, message-passing},
}
